@book{design-patterns,
  title={Design Patterns: Elements of Reusable Object-Oriented Software},
  author={Gamma E., Johnson R., Helm R., Vlissides J.},
  isbn={0201633612},
  lccn={},
  year={1994},
  publisher={Addison-Wesley}
}
@book{	jquery-doc,
	title={jQuery API Documentation},
	author={jQuery Foundation},
	isbn={},
	howpublished = {\url{http://api.jquery.com/}},
  	year = {}, 
  	note = {1 wrzesień 2015}
}
@book{	nhibernate-doc,
	title={NHibernate documentation},
	author={NHibernate Community},
	isbn={},
	howpublished = {\url{http://nhibernate.info/doc/index.html}},
  	year = {}, 
  	note = {1 wrzesień 2015}
}
@book{postgresql-book,
  title={PostgreSQL: Up and Running },
  author={Regina O. Obe, Leo S. Hsu},
  isbn={9781449326333},
  lccn={},
  year={2012},
  publisher={O'Reilly Media }
}
@book{mvc-book,
  title={
  Pro ASP.NET MVC 4 4th Edition},
  author={Adam Freeman},
  isbn={9781430242369},
  lccn={},
  year={2012},
  publisher={Springer Science+Business Media}
}

@book{typescript-book,
  title={
  TypeScript Succinctly},
  author={Steve Fenton},
  isbn={},
  lccn={},
  year={2013},
  publisher={Syncfusion Inc.}
}

@book{javascript-book,
	title={
	JavaScript: The Good Parts},
	author={Douglas Crockford},
	isbn={0596517742},
	lccn={},
	year={2008},
	publisher={O'Rilley Media Inc.}
}

@book{	jquery-doc,
	title={jQuery API Documentation},
	author={jQuery Foundation},
	isbn={},
	howpublished = {\url{http://api.jquery.com/}},
  	year = {}, 
  	note = {1 wrzesień 2015}
}

@book{ todomvc,
	title={http://todomvc.com},
	author={A.Osmani, S. Sorhus, P. Hartig, S. Sawchuk, C. Eberhardt, A. Verschaeve, S. Saccone},
	isbn={},
	howpublished = {\url{http://todomvc.com}},
  	year = {}, 
  	note = {1 luty 2016}
}

@book{ backbonejs,
	title={http://backbonejs.org},
	author={J. Ashkenas},
	isbn={},
	howpublished = {\url{http://backbonejs.org}},
  	year = {}, 
  	note = {1 luty 2016}
}

@book{ knockoutjs,
	title={http://knockoutjs.com/documentation/introduction.html},
	author={B. Hunt, J. Reilly, M. Best, R. Niemeyer, V. Gama},
	isbn={},
	howpublished = {\url{http://knockoutjs.com/documentation/introduction.html}},
  	year = {}, 
  	note = {1 luty 2016}
}

@book{ angular2-site,
	title={https://angular.io/},
	author={Google Inc.},
	isbn={},
	howpublished = {\url{https://angular.io/}},
  	year = {}, 
  	note = {1 luty 2016}
}


@book{ coffescript-site,
	title={http://coffeescript.org/},
	author={J. Ashkenas},
	isbn={},
	howpublished = {\url{http://coffeescript.org/}},
  	year = {}, 
  	note = {1 luty 2016}
}

@book{dimacek-katalog,
	title={System energetyki kolejowej DIMaC-EKv07},
	author={ZAKŁAD AUTOMATYKI I URZĄDZEŃ POMIAROWYCH AREX Sp. z o.o.},
 	isbn={},
 	lccn={},
 	year={2011},
 	publisher={}
}

@book{dimacek-wytyczne,
title={Wytyczne projektowania urządzeń elektrycznego ogrzewania rozjazdów Iet-5},
	author={PKP Polskie Linie Kolejowe S.A.},
 	isbn={},
 	lccn={},
 	year={2015},
 	publisher={PKP Polskie Linie Kolejowe S.A. Biuro Energetyki}



}